@misc{task,
	title="Что такое «задача коммивояжёра» [Электронный ресурс]",
	howpublished="Режим доступа: \url{https://thecode.media/komm/} (дата обращения: 5.12.2021)"
}

@article{evr,
  title={Эвристический алгоритм классификации и его нейросетевая интерпретация},
  author={Дубровин, ВИ and Субботин, СА},
  journal={Радіоелектроніка, інформатика, управління},
  number={1 (3)},
  pages={72--76},
  year={2000},
  publisher={Запорожский национальный технический университет}
}

@misc{model,
	title="Задача коммивояжера - метод ветвей и границ",
	howpublished="Режим доступа: \url{http://galyautdinov.ru/post/zadacha-kommivoyazhera} (дата обращения: 5.12.2021)"
}

@misc{ant,
		title="М.В. Ульянов Ресурсно-эффективные компютерные алгоритмы. Разработка и анализ",
		year=2007
}

@misc{alg,
		title="Д. А. Погорелов, А. М. Таразанов Оптимизация классического алгоритма Винограда для перемножения матриц.",
		year=2019
}


@misc{python,
	title="Welcome to Python [Электронный ресурс]",
	howpublished="Режим доступа: \url{https://www.python.org} (дата обращения: 18.10.2021)"
}

@misc{python-time,
	title="time — Time access and conversions [Электронный ресурс]",
	howpublished="Режим доступа: \url{https://docs.python.org/3/library/time.html#functions} (дата обращения: 18.10.2021)"
}

@book{
	Cpp,
	author="Дэвис Стефан Рэнди",
	title="C++ для чайников",
	publisher="Вильямс", 
	series="Для чайников",
	year=2018,
	pages=400
}

@misc{cpp-lang-chrono,
	title="Date and time utilities [Электронный ресурс]",
	howpublished="Режим доступа: \url{https://en.cppreference.com/w/cpp/chrono} (дата обращения: 23.10.2021)"
}

@misc{dict,
	title="Словари [Электронный ресурс]",
	howpublished="Режим доступа: \url{https://informatics.msk.ru/mod/book/view.php?id=6694} (дата обращения: 10.12.2021)"
}

@misc{search-full,
	title="Полный перебор [Электронный ресурс]",
	howpublished="Режим доступа: \url{http://skud-perm.ru/posts/polnyj-perebor} (дата обращения: 10.12.2021)"
}

@misc{pythonlang,
	title="Welcome to Python [Электронный ресурс]",
	howpublished="Режим доступа: \url{https://www.python.org} (дата обращения: 04.09.2021)"
}
