@book{
	Cpp,
	author="Дэвис Стефан Рэнди",
	title="C++ для чайников",
	publisher="Вильямс", 
	series="Для чайников",
	year=2018,
	pages=400
}