@misc{matrix,
	title="Матрица [Электронный ресурс]",
	howpublished="Режим доступа: \url{https://terme.ru/termin/matrica.html} (дата обращения: 13.09.2021)"
}

@misc{vinogr,
	title="Умножение матриц [Электронный ресурс]",
	howpublished="Режим доступа: \url{http://algolib.narod.ru/Math/Matrix.html} (дата обращения: 13.09.2021)"
}

@article{
	Cohn,
	author="Henry Cohn and Robert Kleinberg and Balazs Szegedy and Chris Umans",
	title="Group-theoretic Algorithms for Matrix Multiplication",
	journal="Proceedings of the 46th Annual Symposium on Foundations of Computer Science",
	pages="379--388",
	language="english",
	year=2005,
	month="October"
}

@misc{pythonlang,
	title="Welcome to Python [Электронный ресурс]",
	howpublished="Режим доступа: \url{https://www.python.org} (дата обращения: 04.09.2021)"
}

@misc{pythonlangtime,
	title="time — Time access and conversions [Электронный ресурс]",
	howpublished="Режим доступа: \url{https://docs.python.org/3/library/time.html#functions} (дата обращения: 04.09.2021)"
}

