@book{
	Cpp,
	author="Дэвис Стефан Рэнди",
	title="C++ для чайников",
	publisher="Вильямс", 
	series="Для чайников",
	year=2018,
	pages=400
}

@misc{cpp-lang-chrono,
	title="Date and time utilities [Электронный ресурс]",
	howpublished="Режим доступа: \url{https://en.cppreference.com/w/cpp/chrono} (дата обращения: 23.10.2021)"
}

@misc{first_article,
	title="Принципы конвейерной технологии [Электронный ресурс]",
	howpublished="Режим доступа: \url{https://www.sites.google.com/site/shoradimon/18-principy-konvejernoj-tehnologii} (дата обращения: 19.10.2021)"
}

@misc{threads,
	title="Что такое многопоточность [Электронный ресурс]",
	howpublished="Режим доступа: \url{https://ru.coursera.org/lecture/ios-multithreading/chto-takoie-mnoghopotochnost-4MMgN} (дата обращения: 23.10.2021)"
}

@misc{second_article,
	title="Аппаратное ускорение для OpenGL [Электронный ресурс]",
	howpublished="Режим доступа: \url{https://www.osp.ru/os/1997/02/179130} (дата обращения: 19.10.2021)"
}